<record><leader>00000cas a22000007a 4500</leader><controlfield tag="001">16872343</controlfield><controlfield tag="008">871019d19741977pauwr ne      0    0eng d</controlfield><datafield ind1=" " ind2=" " tag="010"><subfield code="a">sn 87078557 </subfield></datafield><datafield ind1=" " ind2=" " tag="040"><subfield code="a">NPH</subfield><subfield code="b">eng</subfield><subfield code="c">NPH</subfield><subfield code="d">OCLCQ</subfield></datafield><datafield ind1=" " ind2=" " tag="042"><subfield code="a">msc</subfield></datafield><datafield ind1="0" ind2=" " tag="130"><subfield code="a">Mount Jewett echo (Mount Jewett, Pa. : 1974)</subfield></datafield><datafield ind1="1" ind2="0" tag="245"><subfield code="a">Mount Jewett echo.</subfield></datafield><datafield ind1="3" ind2="0" tag="246"><subfield code="a">Mt. Jewett echo</subfield></datafield><datafield ind1=" " ind2=" " tag="260"><subfield code="a">Mt. Jewett, Pa. :</subfield><subfield code="b">McKean County Press,</subfield><subfield code="c">1974-</subfield></datafield><datafield ind1=" " ind2=" " tag="300"><subfield code="a">v. :</subfield><subfield code="b">ill.</subfield></datafield><datafield ind1=" " ind2=" " tag="310"><subfield code="a">Weekly</subfield></datafield><datafield ind1="0" ind2=" " tag="362"><subfield code="a">Vol. 53, no. 2 (Jan. 10, 1974)-</subfield></datafield><datafield ind1="1" ind2=" " tag="362"><subfield code="a">Ceased in 1977.</subfield></datafield><datafield ind1=" " ind2=" " tag="580"><subfield code="a">Absorbed by: McKean County miner (Smethport, Pa. : 1974).</subfield></datafield><datafield ind1=" " ind2=" " tag="752"><subfield code="a">United States</subfield><subfield code="b">Pennsylvania</subfield><subfield code="c">McKean</subfield><subfield code="d">Mount Jewett.</subfield></datafield><datafield ind1="0" ind2="1" tag="780"><subfield code="t">McKean County miner and the Mount Jewett echo</subfield><subfield code="w">(DLC)sn 87078605</subfield></datafield><datafield ind1="1" ind2="4" tag="785"><subfield code="t">McKean County miner (Smethport, Pa. : 1974)</subfield><subfield code="w">(DLC)sn 87078558</subfield></datafield></record>